<record><leader>00000cas a2200000 a 4500</leader><controlfield tag="001">12443209</controlfield><controlfield tag="008">850830c19049999paudn ne      0    0eng c</controlfield><datafield ind1=" " ind2=" " tag="010"><subfield code="a">sn 85054803 </subfield></datafield><datafield ind1=" " ind2=" " tag="040"><subfield code="a">NPH</subfield><subfield code="b">eng</subfield><subfield code="c">NPH</subfield><subfield code="d">DLC</subfield><subfield code="d">NJW</subfield><subfield code="d">NPH</subfield><subfield code="d">ONP</subfield><subfield code="d">KNP</subfield><subfield code="d">CNK</subfield><subfield code="d">NYS</subfield><subfield code="d">DLC</subfield><subfield code="d">OCLCQ</subfield><subfield code="d">OCLCF</subfield><subfield code="d">OCLCO</subfield></datafield><datafield ind1="1" ind2=" " tag="029"><subfield code="a">AU@</subfield><subfield code="b">000021635641</subfield></datafield><datafield ind1=" " ind2=" " tag="042"><subfield code="a">pcc</subfield></datafield><datafield ind1=" " ind2=" " tag="043"><subfield code="a">n-us-ny</subfield></datafield><datafield ind1="0" ind2="0" tag="050"><subfield code="a">Newspaper 9423</subfield></datafield><datafield ind1="0" ind2="0" tag="050"><subfield code="a">Newspaper 9424</subfield></datafield><datafield ind1="0" ind2="0" tag="050"><subfield code="a">Newspaper 9424-A</subfield></datafield><datafield ind1="0" ind2=" " tag="130"><subfield code="a">Gettysburg times (Gettysburg, Pa. : 1904)</subfield></datafield><datafield ind1="1" ind2="0" tag="245"><subfield code="a">Gettysburg times.</subfield></datafield><datafield ind1=" " ind2=" " tag="260"><subfield code="a">Gettysburg, Pa. :</subfield><subfield code="b">R.R. Buvinger</subfield></datafield><datafield ind1=" " ind2=" " tag="300"><subfield code="a">v.</subfield></datafield><datafield ind1=" " ind2=" " tag="310"><subfield code="a">Daily (except Sun.)</subfield></datafield><datafield ind1="1" ind2=" " tag="362"><subfield code="a">Began with Jan. 1, 1904 issue.</subfield></datafield><datafield ind1=" " ind2=" " tag="500"><subfield code="a">Published by Times and News Pub. Co., Nov. 12, 1910-</subfield></datafield><datafield ind1=" " ind2=" " tag="515"><subfield code="a">Numbering erratic.</subfield></datafield><datafield ind1=" " ind2=" " tag="525"><subfield code="a">Frequent supplements and special interest editions.</subfield></datafield><datafield ind1=" " ind2=" " tag="580"><subfield code="a">Weekly eds.: Adams County news (Gettysburg, Pa.), 1908-&lt;1917&gt; ; Gettysburg times (Gettysburg, Pa. : 1942), 1942-1946.</subfield></datafield><datafield ind1=" " ind2=" " tag="588"><subfield code="a">Description based on: Vol. 7, no. 62 (Jan. 1, 1909).</subfield></datafield><datafield ind1=" " ind2="0" tag="651"><subfield code="a">Gettysburg (Pa.)</subfield><subfield code="v">Newspapers.</subfield></datafield><datafield ind1=" " ind2="7" tag="655"><subfield code="a">Newspapers.</subfield><subfield code="2">fast</subfield><subfield code="0">(OCoLC)fst01423814</subfield></datafield><datafield ind1=" " ind2="7" tag="651"><subfield code="a">Pennsylvania</subfield><subfield code="z">Gettysburg.</subfield><subfield code="2">fast</subfield><subfield code="0">(OCoLC)fst01214261</subfield></datafield><datafield ind1=" " ind2=" " tag="752"><subfield code="a">United States</subfield><subfield code="b">Pennsylvania</subfield><subfield code="c">Adams</subfield><subfield code="d">Gettysburg.</subfield></datafield><datafield ind1="1" ind2=" " tag="775"><subfield code="t">Adams County news (Gettysburg, Pa.)</subfield><subfield code="w">(DLC)sn 90069109</subfield></datafield><datafield ind1="1" ind2=" " tag="775"><subfield code="t">Gettysburg times (Gettysburg, Pa. : 1942)</subfield><subfield code="w">(DLC)sn 85054812</subfield><subfield code="w">(OCoLC)12441455</subfield></datafield><datafield ind1="0" ind2="5" tag="780"><subfield code="t">New Oxford item</subfield><subfield code="w">(OCoLC)20967363</subfield></datafield></record>